<?xml version = "1.0" encoding = "UTF-8"?><record>
  <leader>01738nas--2200469-i-4500</leader>
  <controlfield tag="001">99370693195606441</controlfield>
  <controlfield tag="005">20220113150256.0</controlfield>
  <controlfield tag="006">m-----o--d----------</controlfield>
  <controlfield tag="007">cr-|||||||||||</controlfield>
  <controlfield tag="008">130722c20109999gw-fr-p-o-----0----0ger-c</controlfield>
  <datafield tag="010" ind1=" " ind2=" ">
    <subfield code="a">  2013254252</subfield>
  </datafield>
  <datafield tag="035" ind1=" " ind2=" ">
    <subfield code="a">(DE-599)ZDB2639885-0</subfield>
  </datafield>
  <datafield tag="035" ind1=" " ind2=" ">
    <subfield code="a">(OCoLC)853472809</subfield>
    <subfield code="0">(uri) http://www.worldcat.org/oclc/853472809</subfield>
  </datafield>
  <datafield tag="035" ind1=" " ind2=" ">
    <subfield code="a">(CKB)2670000000320198</subfield>
  </datafield>
  <datafield tag="035" ind1=" " ind2=" ">
    <subfield code="a">(CONSER)--2013254252</subfield>
  </datafield>
  <datafield tag="035" ind1=" " ind2=" ">
    <subfield code="a">(EXLCZ)992670000000320198</subfield>
  </datafield>
  <datafield tag="041" ind1="0" ind2=" ">
    <subfield code="a">ger</subfield>
    <subfield code="a">eng</subfield>
  </datafield>
  <datafield tag="042" ind1=" " ind2=" ">
    <subfield code="a">pcc</subfield>
  </datafield>
  <datafield tag="043" ind1=" " ind2=" ">
    <subfield code="a">e-gx---</subfield>
  </datafield>
  <datafield tag="050" ind1="1" ind2="4">
    <subfield code="a">MT1</subfield>
  </datafield>
  <datafield tag="210" ind1="0" ind2=" ">
    <subfield code="a">Beitr. empir. Musikp&#228;dag.</subfield>
  </datafield>
  <datafield tag="222" ind1=" " ind2="0">
    <subfield code="a">Beitr&#228;ge empirischer Musikp&#228;dagogik.</subfield>
  </datafield>
  <datafield tag="245" ind1="0" ind2="0">
    <subfield code="a">Beitr&#228;ge empirischer Musikp&#228;dagogik.</subfield>
  </datafield>
  <datafield tag="246" ind1="1" ind2="1">
    <subfield code="a">Bulletin of empirical music education research</subfield>
  </datafield>
  <datafield tag="246" ind1="1" ind2="3">
    <subfield code="a">B:em</subfield>
  </datafield>
  <datafield tag="264" ind1=" " ind2="1">
    <subfield code="a">Bremen :</subfield>
    <subfield code="b">Universit&#228;t Bremen, Institut f&#252;r Musikwissenschaft und Musikp&#228;dagogik,</subfield>
    <subfield code="c">2010-</subfield>
  </datafield>
  <datafield tag="300" ind1=" " ind2=" ">
    <subfield code="a">1 online resource</subfield>
  </datafield>
  <datafield tag="310" ind1=" " ind2=" ">
    <subfield code="a">Twice a year</subfield>
  </datafield>
  <datafield tag="336" ind1=" " ind2=" ">
    <subfield code="a">text</subfield>
    <subfield code="b">txt</subfield>
    <subfield code="2">rdacontent</subfield>
  </datafield>
  <datafield tag="337" ind1=" " ind2=" ">
    <subfield code="a">computer</subfield>
    <subfield code="b">c</subfield>
    <subfield code="2">rdamedia</subfield>
  </datafield>
  <datafield tag="338" ind1=" " ind2=" ">
    <subfield code="a">online resource</subfield>
    <subfield code="b">cr</subfield>
    <subfield code="2">rdacarrier</subfield>
  </datafield>
  <datafield tag="362" ind1="1" ind2=" ">
    <subfield code="a">Began with vol. 1, no. 1 (April 2010).</subfield>
  </datafield>
  <datafield tag="500" ind1=" " ind2=" ">
    <subfield code="a">Some issues have distinctive titles.</subfield>
  </datafield>
  <datafield tag="546" ind1=" " ind2=" ">
    <subfield code="a">German and English.</subfield>
  </datafield>
  <datafield tag="588" ind1=" " ind2=" ">
    <subfield code="a">Description based on: Vol. 1, no. 1 (April 2010); title from journal home page (publisher&apos;s Web site, viewed November 6, 2013).</subfield>
  </datafield>
  <datafield tag="588" ind1=" " ind2=" ">
    <subfield code="a">Latest issue consulted: Vol. 4, no. 2 (2013) (viewed November 6, 2013).</subfield>
  </datafield>
  <datafield tag="650" ind1=" " ind2="0">
    <subfield code="a">Music</subfield>
    <subfield code="x">Instruction and study</subfield>
    <subfield code="z">Germany</subfield>
    <subfield code="v">Periodicals.</subfield>
  </datafield>
  <datafield tag="650" ind1=" " ind2="7">
    <subfield code="a">Music</subfield>
    <subfield code="x">Instruction and study.</subfield>
    <subfield code="2">fast</subfield>
    <subfield code="0">(OCoLC)fst01030347</subfield>
  </datafield>
  <datafield tag="651" ind1=" " ind2="7">
    <subfield code="a">Germany.</subfield>
    <subfield code="2">fast</subfield>
    <subfield code="0">(OCoLC)fst01210272</subfield>
  </datafield>
  <datafield tag="655" ind1=" " ind2="7">
    <subfield code="a">Periodicals.</subfield>
    <subfield code="2">fast</subfield>
    <subfield code="0">(OCoLC)fst01411641</subfield>
  </datafield>
  <datafield tag="776" ind1=" " ind2=" ">
    <subfield code="x">2190-3174</subfield>
    <subfield code="0">(uri) http://worldcat.org/issn/2190-3174</subfield>
  </datafield>
  <datafield tag="710" ind1="2" ind2=" ">
    <subfield code="a">Deutsche Forschungsgemeinschaft,</subfield>
    <subfield code="e">sponsoring body.</subfield>
  </datafield>
  <datafield tag="906" ind1=" " ind2=" ">
    <subfield code="a">JOURNAL</subfield>
  </datafield>
  <datafield tag="MBD" ind1=" " ind2=" ">
    <subfield code="M">49HBZ_NETWORK</subfield>
    <subfield code="i">99370693195606441</subfield>
    <subfield code="n">HBZ Network</subfield>
  </datafield>
  <datafield tag="MBD" ind1=" " ind2=" ">
    <subfield code="M">49HBZ_FHA</subfield>
    <subfield code="i">991005846638806444</subfield>
    <subfield code="n">Hochschulbibliothek der FH Aachen</subfield>
  </datafield>
  <datafield tag="MBD" ind1=" " ind2=" ">
    <subfield code="M">49HBZ_UBD</subfield>
    <subfield code="i">991013519408006445</subfield>
    <subfield code="n">Technische Universit&#228;t Dortmund</subfield>
  </datafield>
  <datafield tag="MBD" ind1=" " ind2=" ">
    <subfield code="M">49HBZ_UDE</subfield>
    <subfield code="i">99206350869906446</subfield>
    <subfield code="n">Universit&#228;t Duisburg-Essen</subfield>
  </datafield>
  <datafield tag="MBD" ind1=" " ind2=" ">
    <subfield code="M">49HBZ_DUE</subfield>
    <subfield code="i">9947417444606443</subfield>
    <subfield code="n">Universit&#228;t D&#252;sseldorf</subfield>
  </datafield>
  <datafield tag="MNG" ind1=" " ind2=" ">
    <subfield code="c">system</subfield>
    <subfield code="f">CKB</subfield>
    <subfield code="i">marc21</subfield>
    <subfield code="e">false</subfield>
    <subfield code="d">2022-01-15 00:09:21 Europe/Berlin</subfield>
    <subfield code="g">992670000000320198</subfield>
    <subfield code="a">CKB</subfield>
    <subfield code="b">2021-04-19 22:13:05 Europe/Berlin</subfield>
  </datafield>
  <datafield tag="POR" ind1=" " ind2=" ">
    <subfield code="j">ISSN International Centre</subfield>
    <subfield code="x">System</subfield>
    <subfield code="a">5391790370006444</subfield>
    <subfield code="M">49HBZ_FHA</subfield>
    <subfield code="p">6190458260006444</subfield>
    <subfield code="q">ROAD: Directory of Open Access Scholarly Resources</subfield>
    <subfield code="c">param</subfield>
    <subfield code="o">614340000000000354</subfield>
    <subfield code="y">2021-07-21 11:06:01 Europe/Berlin</subfield>
    <subfield code="w">2021-07-21 11:06:01 Europe/Berlin</subfield>
    <subfield code="D">https://eu04.alma.exlibrisgroup.com/view/uresolver/49HBZ_NETWORK/openurl?u.ignore_date_coverage=true&amp;portfolio_pid=5391790370006444&amp;Force_direct=true</subfield>
    <subfield code="v">System</subfield>
    <subfield code="z">2021-07-21 09:06:01</subfield>
    <subfield code="n"> Available from 2010.</subfield>
    <subfield code="i">false</subfield>
    <subfield code="S">6290458250006444</subfield>
    <subfield code="d">https://hbz-network.userservices.exlibrisgroup.com/view/uresolver/49HBZ_NETWORK/openurl?u.ignore_date_coverage=true&amp;rft.mms_id=991005846638806444</subfield>
    <subfield code="b">Available</subfield>
    <subfield code="f">JOURNAL</subfield>
    <subfield code="8">5391790370006444</subfield>
  </datafield>
  <datafield tag="POC" ind1=" " ind2=" ">
    <subfield code="a">5391790370006444</subfield>
    <subfield code="b">2010</subfield>
    <subfield code="d">1</subfield>
    <subfield code="f">1</subfield>
  </datafield>
  <datafield tag="POR" ind1=" " ind2=" ">
    <subfield code="j">Universit&#228;tsbibliothek Regensburg</subfield>
    <subfield code="x">DE1130000025617</subfield>
    <subfield code="a">53214940170006445</subfield>
    <subfield code="M">49HBZ_UBD</subfield>
    <subfield code="p">61209906890006445</subfield>
    <subfield code="q">Elektronische Zeitschriftenbibliothek - Frei zug&#228;ngliche E-Journals</subfield>
    <subfield code="c">static</subfield>
    <subfield code="o">613790000000000930</subfield>
    <subfield code="y">2021-12-06 10:35:24 Europe/Berlin</subfield>
    <subfield code="w">2021-12-06 10:05:26 Europe/Berlin</subfield>
    <subfield code="D">https://eu04.alma.exlibrisgroup.com/view/uresolver/49HBZ_NETWORK/openurl?u.ignore_date_coverage=true&amp;portfolio_pid=53214940170006445&amp;Force_direct=true</subfield>
    <subfield code="v">DE1130000025617</subfield>
    <subfield code="z">2021-12-06 09:34:18</subfield>
    <subfield code="n"> Available from 2010.</subfield>
    <subfield code="i">false</subfield>
    <subfield code="g">ZB</subfield>
    <subfield code="t">POL-5713</subfield>
    <subfield code="S">62209906880006445</subfield>
    <subfield code="d">https://hbz-network.userservices.exlibrisgroup.com/view/uresolver/49HBZ_NETWORK/openurl?u.ignore_date_coverage=true&amp;rft.mms_id=991013519408006445</subfield>
    <subfield code="b">Available</subfield>
    <subfield code="f">JOURNAL</subfield>
    <subfield code="8">53214940170006445</subfield>
  </datafield>
  <datafield tag="POC" ind1=" " ind2=" ">
    <subfield code="a">53214940170006445</subfield>
    <subfield code="b">2010</subfield>
    <subfield code="d">1</subfield>
    <subfield code="f">1</subfield>
  </datafield>
  <datafield tag="POR" ind1=" " ind2=" ">
    <subfield code="j">Ezb</subfield>
    <subfield code="x">System</subfield>
    <subfield code="a">53451800020006446</subfield>
    <subfield code="M">49HBZ_UDE</subfield>
    <subfield code="p">61436539580006446</subfield>
    <subfield code="q">Frei zug&#228;ngliche Zeitschriften aus der EZB</subfield>
    <subfield code="c">param</subfield>
    <subfield code="o">615280000000001088</subfield>
    <subfield code="y">2021-12-20 00:12:07 Europe/Berlin</subfield>
    <subfield code="w">2021-12-20 00:12:07 Europe/Berlin</subfield>
    <subfield code="D">https://eu04.alma.exlibrisgroup.com/view/uresolver/49HBZ_NETWORK/openurl?u.ignore_date_coverage=true&amp;portfolio_pid=53451800020006446&amp;Force_direct=true</subfield>
    <subfield code="v">electronic inventory creator</subfield>
    <subfield code="z">2021-12-19 23:12:07</subfield>
    <subfield code="n"> Available from 2010 volume: 1 issue: 1.</subfield>
    <subfield code="i">false</subfield>
    <subfield code="S">62436539570006446</subfield>
    <subfield code="d">https://hbz-network.userservices.exlibrisgroup.com/view/uresolver/49HBZ_NETWORK/openurl?u.ignore_date_coverage=true&amp;rft.mms_id=99206350869906446</subfield>
    <subfield code="b">Available</subfield>
    <subfield code="f">JOURNAL</subfield>
    <subfield code="8">53451800020006446</subfield>
  </datafield>
  <datafield tag="POC" ind1=" " ind2=" ">
    <subfield code="a">53451800020006446</subfield>
    <subfield code="b">2010</subfield>
    <subfield code="d">1</subfield>
    <subfield code="f">1</subfield>
    <subfield code="h">1</subfield>
    <subfield code="j">1</subfield>
  </datafield>
  <datafield tag="POR" ind1=" " ind2=" ">
    <subfield code="j">Ezb</subfield>
    <subfield code="x">System</subfield>
    <subfield code="a">53348756080006443</subfield>
    <subfield code="M">49HBZ_DUE</subfield>
    <subfield code="p">61337753020006443</subfield>
    <subfield code="q">EZB-FREE-00999 freely available EZB journals</subfield>
    <subfield code="c">param</subfield>
    <subfield code="o">615280000000001088</subfield>
    <subfield code="y">2021-12-20 00:09:51 Europe/Berlin</subfield>
    <subfield code="w">2021-12-20 00:09:51 Europe/Berlin</subfield>
    <subfield code="D">https://eu04.alma.exlibrisgroup.com/view/uresolver/49HBZ_NETWORK/openurl?u.ignore_date_coverage=true&amp;portfolio_pid=53348756080006443&amp;Force_direct=true</subfield>
    <subfield code="v">electronic inventory creator</subfield>
    <subfield code="z">2021-12-19 23:09:51</subfield>
    <subfield code="n"> Available from 2010 volume: 1 issue: 1.</subfield>
    <subfield code="i">false</subfield>
    <subfield code="S">62337753010006443</subfield>
    <subfield code="d">https://hbz-network.userservices.exlibrisgroup.com/view/uresolver/49HBZ_NETWORK/openurl?u.ignore_date_coverage=true&amp;rft.mms_id=9947417444606443</subfield>
    <subfield code="b">Available</subfield>
    <subfield code="f">JOURNAL</subfield>
    <subfield code="8">53348756080006443</subfield>
  </datafield>
  <datafield tag="POC" ind1=" " ind2=" ">
    <subfield code="a">53348756080006443</subfield>
    <subfield code="b">2010</subfield>
    <subfield code="d">1</subfield>
    <subfield code="f">1</subfield>
    <subfield code="h">1</subfield>
    <subfield code="j">1</subfield>
  </datafield>
</record>